 @misc{type_check_def,
    author = {Aaron Krauss.},
    title = {\textit{Programming Concepts: Static vs. Dynamic Type Checking}},
    url = { https://thecodeboss.dev/2015/11/programming-concepts-static-vs-dynamic-type-checking/},
    note = {accessed 01/02/2022},
 }
 
@misc{moSCoW,
    title = {\textit{Software development and the MoSCoW method}}, 
    url = {https://www.parkersoftware.com/blog/software-development-and-the-moscow-method/},
    note = {accessed 07/03/2022},
}

@misc{A&K,
    author = {Adam Justus and Stephen Kell},
    title = {\textit{Type checking beyond type checkers, via slice \& run}},
    url = {https://www.humprog.org/~stephen/research/papers/adam20type.pdf},
    date = {17-11-2020},
    isbn = {978-1-4503-8189-5},
    publisher = {ACM},
    note = {accessed 01/02/2022},
}

@misc{mypy,
    title = {\textit{mypy}},
    url = {http://www.mypy-lang.org/index.html},
    note={accessed 18/10/2021},
}

@misc{pretty,
    author = {Anthony Sottile},
    title = {\textit{astpretty}},
    note = {accessed 8/11/2021},
    url= {https://github.com/asottile/astpretty},

}

@misc{objective,
    title = {\textit{What Is Type Checking In Programming Languages In HINDI}},
    url ={http://www.tutorialsspace.com/Programming-Languages/14-Type-Checking-Programming-Languages.aspx},
    note = {accessed 20/03/2022},
}

@misc{S/D_checking,
    author = {Nelson Katale},
    title = {\textit{Static Type Checking and Dynamic Type Checking}},
    created = {18/2/2019},
    url = {https://medium.com/@katalenelson/static-type-checking-and-dynamic-type-checking-134dd269118}, note= {accessed 20/03/2022},
}

@misc{ASTdia,
    author = {Dcoetzee}, 
    title = {An abstract syntax tree for the following pseudocode, implementing the Euclidean algorithm to find the greatest common divisor of a and b},
    note = {accessed: 30/03/2022},
    url = {https://commons.wikimedia.org/wiki/File:Abstract_syntax_tree_for_Euclidean_algorithm.svg#/media/File:Abstract_syntax_tree_for_Euclidean_algorithm.svg},
}

@misc{astcode,
    title = {Abstract syntax tree},
    note = {accessed: 30/03/2022},
    url = {https://en.wikipedia.org/w/index.php?title=Abstract_syntax_tree&oldid=1077256706},
}
@misc{ast,
    title = {Abstract syntax tree},
    url = {https://deepsource.io/learn/glossary/static-analysis/undefined/glossary/static-analysis},
    note  ={accessed 15/02/2022},
}

@misc{ASTBasic,
    author ={K. Maran},
    title = {Python AST},
    url = {https://kamneemaran45.medium.com/python-ast-5789a1b60300},
    note={accessed 31/3/2022},
}

@misc{stat,
    title= {Python Style Guide Comparison: flake8 vs Pylint vs pep8 vs pyflakes},
    url = {https://siderlabs.com/blog/about-style-guide-of-python-and-linter-tool-pep8-pyflakes-flake8-haking-pyling-7fdbe163079d/}, 
    notes = {accessed 1/4/2022},

    }

@misc{stat2,
   title = {Static Analysis},
   url = {https://www.whitehatsec.com/glossary/content/static-analysis},
   note ={accessed 1/4/2022},


}